@article{zaicti2015free,
  title={On free-hand TV control: experimental results on user-elicited gestures with Leap Motion},
  author={Zai{\c{t}}i, Ionu{\c{t}}-Alexandru and Pentiuc, {\c{S}}tefan-Gheorghe and Vatavu, Radu-Daniel},
  journal={Personal and Ubiquitous Computing},
  volume={19},
  pages={821--838},
  year={2015},
  publisher={Springer}
}

@inproceedings{cheng2013smart,
  title={Smart chair: What can simple pressure sensors under the chairs legs tell us about user activity},
  author={Cheng, Jingyuan and Zhou, Bo and Sundholm, Mathias and Lukowicz, Paul},
  booktitle={UBICOMM13: The Seventh International Conference on Mobile Ubiquitous Computing, Systems, Services and Technologies},
  pages={81--84},
  year={2013}
}